@inproceedings{implicit,
 author = {Hu, Yifan and Koren, Yehuda and Volinsky, Chris},
 title = {Collaborative Filtering for Implicit Feedback Datasets},
 booktitle = {Proceedings of the 2008 Eighth IEEE International Conference on Data Mining},
 series = {ICDM '08},
 year = {2008},
 isbn = {978-0-7695-3502-9},
 pages = {263--272},
 numpages = {10},
 url = {http://dx.doi.org/10.1109/ICDM.2008.22},
 doi = {10.1109/ICDM.2008.22},
 acmid = {1511352},
 publisher = {IEEE Computer Society},
 address = {Washington, DC, USA},
 keywords = {Collaborative filtering, recommender system, implicit feedback},
} 

@inproceedings{svdpp,
 author = {Koren, Yehuda},
 title = {Factorization Meets the Neighborhood: A Multifaceted Collaborative Filtering Model},
 booktitle = {Proceedings of the 14th ACM SIGKDD International Conference on Knowledge Discovery and Data Mining},
 series = {KDD '08},
 year = {2008},
 isbn = {978-1-60558-193-4},
 location = {Las Vegas, Nevada, USA},
 pages = {426--434},
 numpages = {9},
 url = {http://doi.acm.org/10.1145/1401890.1401944},
 doi = {10.1145/1401890.1401944},
 acmid = {1401944},
 publisher = {ACM},
 address = {New York, NY, USA},
 keywords = {collaborative filtering, recommender systems},
} 

@misc{svd,
  title = {Netflix Update: Try This at Home},
  howpublished = {\url{http://sifter.org/~simon/journal/20061211.html}},
  note = {Accessed: 2016-09-7}
}

@MISC{factorization,
    author = {Yehuda Koren and Robert Bell and Chris Volinsky},
    title = {MATRIX FACTORIZATION TECHNIQUES FOR RECOMMENDER SYSTEMS},
    year = {2009}
}

@inproceedings{paterek,
    author = {Paterek, Arkadiusz},
    booktitle = {Proc. KDD Cup Workshop at SIGKDD'07, 13th ACM Int. Conf. on Knowledge Discovery and Data Mining},
    citeulike-article-id = {4563135},
    citeulike-linkout-0 = {http://serv1.ist.psu.edu:8080/viewdoc/summary;jsessionid=CBC0A80E61E800DE518520F9469B2FD1?doi=10.1.1.96.7652},
    keywords = {466, file-import-09-05-20},
    location = {San Jose, CA, USA},
    pages = {39--42},
    posted-at = {2009-05-20 17:43:48},
    priority = {2},
    title = {{Improving regularized singular value decomposition for collaborative filtering}},
    url = {http://serv1.ist.psu.edu:8080/viewdoc/summary;jsessionid=CBC0A80E61E800DE518520F9469B2FD1?doi=10.1.1.96.7652},
    year = {2007}
}

@article{item2vec,
  author    = {Oren Barkan and
               Noam Koenigstein},
  title     = {Item2Vec: Neural Item Embedding for Collaborative Filtering},
  journal   = {CoRR},
  volume    = {abs/1603.04259},
  year      = {2016},
  url       = {http://arxiv.org/abs/1603.04259},
  timestamp = {Sat, 02 Apr 2016 11:49:48 +0200},
  biburl    = {http://dblp.uni-trier.de/rec/bib/journals/corr/BarkanK16},
  bibsource = {dblp computer science bibliography, http://dblp.org}
}

@article{word2vec,
  author    = {Tomas Mikolov and
               Kai Chen and
               Greg Corrado and
               Jeffrey Dean},
  title     = {Efficient Estimation of Word Representations in Vector Space},
  journal   = {CoRR},
  volume    = {abs/1301.3781},
  year      = {2013},
  url       = {http://arxiv.org/abs/1301.3781},
  timestamp = {Thu, 07 May 2015 20:02:01 +0200},
  biburl    = {http://dblp.uni-trier.de/rec/bib/journals/corr/abs-1301-3781},
  bibsource = {dblp computer science bibliography, http://dblp.org}
}

@incollection{hs,
title = {A Scalable Hierarchical Distributed Language Model},
author = {Mnih, Andriy and Geoffrey E. Hinton},
booktitle = {Advances in Neural Information Processing Systems 21},
editor = {D. Koller and D. Schuurmans and Y. Bengio and L. Bottou},
pages = {1081--1088},
year = {2009},
publisher = {Curran Associates, Inc.},
url = {http://papers.nips.cc/paper/3583-a-scalable-hierarchical-distributed-language-model.pdf}
}

@misc{balltree,
  title = {sklearn.neighbors.BallTree},
  howpublished = {\url{http://scikit-learn.org/stable/modules/generated/sklearn.neighbors.BallTree.html}},
  note = {Accessed: 2016-09-7}
}

@misc{nmslib,
  title = { Non-Metric Space Library (NMSLIB): A similarity search library and a toolkit for evaluation of k-NN methods for generic non-metric spaces. },
  howpublished = {\url{https://github.com/searchivarius/NMSLIB}},
  note = {Accessed: 2016-09-7}
}

@misc{als,
  title = { Collaborative Filtering - RDD-based API },
  howpublished = {\url{http://spark.apache.org/docs/latest/mllib-collaborative-filtering.html}},
  note = {Accessed: 2016-09-7}
}

@misc{cython,
  title = { Word2vec in Python, Part Two: Optimizing },
  howpublished = {\url{http://rare-technologies.com/word2vec-in-python-part-two-optimizing/}},
  note = {Accessed: 2016-09-7}
}

@misc{gensim,
  title = { 
models.word2vec â€“ Deep learning with word2vec},
  howpublished = {\url{https://radimrehurek.com/gensim/models/word2vec.html}},
  note = {Accessed: 2016-09-7}
}

@InProceedings{cosmul,
  author    = {Levy, Omer  and  Goldberg, Yoav},
  title     = {Linguistic Regularities in Sparse and Explicit Word Representations},
  booktitle = {Proceedings of the Eighteenth Conference on Computational Natural Language Learning},
  month     = {June},
  year      = {2014},
  address   = {Ann Arbor, Michigan},
  publisher = {Association for Computational Linguistics},
  pages     = {171--180},
  url       = {http://www.aclweb.org/anthology/W/W14/W14-1618}
}

@techreport{arne,
     title = {{Toepassing van optimalisatietechnieken op aanbevelingssoftware}},
     author = {Arne Gouwy},
     year = {2016},
     institution = {Trackuity},
     month = {08}
}

@misc{flame,
  title = { Glove-model eval },
  howpublished = {\url{https://docs.google.com/document/d/1ydIujJ7ETSZ688RGfU5IMJJsbxAi-kRl8czSwpti15s/edit}},
  note = {Accessed: 2016-09-8}
}

@misc{tarpit,
  title = { Epigrams on Programming },
  howpublished = {\url{http://www-pu.informatik.uni-tuebingen.de/users/klaeren/epigrams.html}},
  note = {Accessed: 2017-02-13}
}

@misc{csharp,
  title = { The Marvels of Monads },
  howpublished = {\url{http://www-pu.informatik.uni-tuebingen.de/users/klaeren/epigrams.html}},
  note = {Accessed: 2017-02-13}
}

@misc{erlang,
  title = { History of Erlang },
  howpublished = {\url{https://www.erlang.org/course/history}},
  note = {Accessed: 2017-02-13}
}

@misc{go,
  title = { Golang FAQ },
  howpublished = {\url{https://golang.org/doc/faq}},
  note = {Accessed: 2017-02-13}
}

@misc{rust,
  title = { Rust FAQ },
  howpublished = {\url{https://www.rust-lang.org/en-US/faq.html}},
  note = {Accessed: 2017-02-13}
}

@misc{cdev,
  title = { The Development of the C Language },
  howpublished = {\url{https://www.bell-labs.com/usr/dmr/www/chist.html}},
  note = {Accessed: 2017-02-13}
}

@misc{lattner,
  title = { What Every C Programmer Should Know About Undefined Behavior },
  howpublished = {\url{http://blog.llvm.org/2011/05/what-every-c-programmer-should-know.html}},
  note = {Accessed: 2017-02-13}
}

@inproceedings{wang,
 author = {Wang, Xi and Chen, Haogang and Cheung, Alvin and Jia, Zhihao and Zeldovich, Nickolai and Kaashoek, M. Frans},
 title = {Undefined Behavior: What Happened to My Code?},
 booktitle = {Proceedings of the Asia-Pacific Workshop on Systems},
 series = {APSYS '12},
 year = {2012},
 isbn = {978-1-4503-1669-9},
 location = {Seoul, Republic of Korea},
 pages = {9:1--9:7},
 articleno = {9},
 numpages = {7},
 url = {http://doi.acm.org/10.1145/2349896.2349905},
 doi = {10.1145/2349896.2349905},
 acmid = {2349905},
 publisher = {ACM},
 address = {New York, NY, USA},
} 

@misc{guide,
  title = { A Guide to Undefined Behavior in C and C++ },
  howpublished = {\url{http://blog.regehr.org/archives/213}},
  note = {Accessed: 2017-02-13}
}

@misc{stroustrup,
  title = { Did you really say that? },
  howpublished = {\url{http://www.stroustrup.com/bs_faq.html#really-say-that}},
  note = {Accessed: 2017-02-13}
}

@misc{crockford,
  title = { Crockford on JavaScript - Section 8: Programming Style & Your Brain },
  howpublished = {\url{https://www.youtube.com/watch?v=taaEzHI9xyY}},
  note = {Accessed: 2017-02-13}
}